

@book{Needham-2019,
  title={Graph Algorithms: Practical Examples in Apache Spark and Neo4j},
  author={Needham, M. and Hodler, A.E.},
  isbn={9781492047681},
  lccn={2019275313},
  url={},
  year={2019},
  publisher={O'Reilly Media}
}

@inproceedings{Branting-2016,
	doi = {10.1109/asonam.2016.7752336},

	year = 2016,
	month = {aug},
	publisher = {{IEEE}},
	author = {L. Karl Branting and Flo Reeder and Jeffrey Gold and Timothy Champney},
	title = {Graph analytics for healthcare fraud risk estimation},
	booktitle = {2016 {IEEE}/{ACM} International Conference on Advances in Social Networks Analysis and Mining ({ASONAM})}
}

@article{Zou-2017,
author = {Zou, Quan and Chen, Lei and Huang, Tao and Zhang, Zhenguo and Xu, Yungang},
year = {2017},
month = {09},
pages = {},
title = {Machine Learning and Graph Analytics in Computational Biomedicine},
volume = {83},
journal = {Artificial Intelligence in Medicine},
doi = {10.1016/j.artmed.2017.09.003}
}

@inproceedings{Allen-2019,
author = {Allen, David AND Hodler, Amy AND Hunger, Michael AND Knobloch, Martin AND Lyon, William AND Needham, Mark AND Voigt, Hannes},
title = {Understanding Trolls with Efficient Analytics of Large Graphs in Neo4j},
booktitle = {BTW 2019},
year = {2019},
editor = {Grust, Torsten AND Naumann, Felix AND Böhm, Alexander AND Lehner, Wolfgang AND Härder, Theo AND Rahm, Erhard AND Heuer, Andreas AND Klettke, Meike AND Meyer, Holger} ,
pages = { 377-396 } ,
doi = { 10.18420/btw2019-23 },
publisher = {Gesellschaft für Informatik, Bonn},
address = {}
}

@inproceedings{Kanavos-2017,
  title={Graph Community Discovery Algorithms in Neo4j with a Regularization-based Evaluation Metric.},
  author={Kanavos, Andreas and Drakopoulos, Georgios and Tsakalidis, Athanasios K},
  booktitle={WEBIST},
  pages={403--410},
  year={2017}
}

@inproceedings{Fernandes-2018,
  title={Graph Databases Comparison: AllegroGraph, ArangoDB, InfiniteGraph, Neo4J, and OrientDB.},
  author={Fernandes, Diogo and Bernardino, Jorge},
  booktitle={DATA},
  pages={373--380},
  year={2018}
}

@article{Wiese-2019,
  title={Data Analytics with Graph Algorithms--A Hands-on Tutorial with Neo4J},
  author={Wiese, Lena},
  journal={BTW 2019--Workshopband},
  year={2019},
  publisher={Gesellschaft f{\"u}r Informatik, Bonn}
}

@article{Drakopoulos-2017,
  title={Defining and evaluating Twitter influence metrics: a higher-order approach in Neo4j},
  author={Drakopoulos, Georgios and Kanavos, Andreas and Mylonas, Phivos and Sioutas, Spyros},
  journal={Social Network Analysis and Mining},
  volume={7},
  number={1},
  pages={1--14},
  year={2017},
  publisher={Springer}
}

@inproceedings{Simperl-2018,
  title={Towards a knowledge graph based platform for public procurement},
  author={Simperl, Elena and Corcho, Oscar and Grobelnik, Marko and Roman, Dumitru and Soylu, Ahmet and Ru{\'\i}z, Mar{\'\i}a Jes{\'u}s Fern{\'a}ndez and Gatti, Stefano and Taggart, Chris and Klima, Ur{\v{s}}ka Skok and Uliana, Annie Ferrari and others},
  booktitle={Research Conference on Metadata and Semantics Research},
  pages={317--323},
  year={2018},
  organization={Springer}
}

@inproceedings{Soylu-2020-1,
  title={Integrating and Analysing Public Procurement Data through a Knowledge Graph: A Demonstration in a Nutshell},
  author={Soylu, Ahmet and Corcho, Oscar and Elves{\ae}ter, Brian and Badenes-Olmedo, Carlos and Martinez, FY and Kovacic, Matej and Posinkovic, Matej and Makgill, Ian and Taggart, Chris and Simperl, Elena and others},
  booktitle={Proceedings of ISWC},
  year={2020}
}

@inproceedings{Soylu-2020-2,
  title={Enhancing Public Procurement in the European Union through Constructing and Exploiting an Integrated Knowledge Graph},
  author={Soylu, Ahmet and Corcho, Oscar and Elves{\ae}ter, Brian and Badenes-Olmedo, Carlos and Mart{\'\i}nez, Francisco Yedro and Kovacic, Matej and Posinkovic, Matej and Makgill, Ian and Taggart, Chris and Simperl, Elena and others},
  booktitle={International Semantic Web Conference},
  pages={430--446},
  year={2020},
  organization={Springer}
}

@article{Fountoukidis-2021,
  title={Analyzing the Competition in Public Procurement procedures using Graph Analytics},
  author={Fountoukidis, Ioannis and Antoniou, Ioannis E and Varsakelis, Nikos C},
  journal={Social and Economic Challenges and Regional Development},
  pages={107},
  year={2021}
}

@article{Serrano-2014,
  title={Corrupci{\'o}n en la contrataci{\'o}n p{\'u}blica en {C}olombia},
  author={Serrano Cuervo, Aldemar and others},
  year={2014},
  publisher={Universidad Militar Nueva Granada}
}

@article{Gorbaneff-2003-2,
  title={Problemas te{\'o}ricos de contrataci{\'o}n p{\'u}blica en {C}olombia},
  author={Gorbaneff, Yuri},
  journal={Cuadernos de Administraci{\'o}n},
  volume={16},
  number={25},
  year={2003}
}

@article{Benavides-2010,
  title={Contrataci{\'o}n p{\'u}blica y debilidad institucional en infraestructura en {C}olombia},
  author={Benavides, Juan},
  journal={Revista de ingenier{\'\i}a},
  number={32},
  pages={80--87},
  year={2010},
  publisher={Universidad de los Andes}
}

@article{Betancourt-2018,
  title={El fen{\'o}meno de la corrupci{\'o}n en los procesos de licitaci{\'o}n p{\'u}blica en contrataci{\'o}n estatal en {C}olombia},
  author={Betancourt Cortes, Juan Sebasti{\'a}n and others},
  year={2018}
}

@article{Villar-2017,
  title={Datos abiertos y su beneficio en la contrataci{\'o}n p{\'u}blica},
  author={Villar, Lisa Daniela and Castro, Katherine Cuartas and Berm{\'u}dez, Giovanny Mauricio Tarazona and others},
  journal={Redes De Ingenier{\'\i}a},
  pages={80--90},
  year={2017}
}

@article{Angarita-2018,
  title={Caracter{\'\i}sticas del sistema de contrataci{\'o}n estatal en {C}olombia},
  author={Angarita, Raquel Duran and Carvajalino, Lilia Aracely Reyes and Bueno, Mayra Magdalena Delgado},
  journal={HIPOTESIS LIBRE},
  number={11},
  year={2018}
}

@inproceedings{Kalampokis-2013,
  title={Linked open government data analytics},
  author={Kalampokis, Evangelos and Tambouris, Efthimios and Tarabanis, Konstantinos},
  booktitle={International Conference on Electronic Government},
  pages={99--110},
  year={2013},
  organization={Springer}
}


@article{Ley-80,
  title={Ley 80 de 1993},
  author={Congreso de la Rep{\'u}blica de {C}olombia},
  year={1993}
}

@book{Barabasi-2016,
   title =     {Network Science},
   author =    {Albert-Laszlo Barabasi},
   publisher = {Cambridge University Press},
   isbn =      {},
   year =      {2016},
   series =    {},
   edition =   {},
   volume =    {}
}

@article{Barabasi-2013,
  title={Network science},
  author={Barab{\'a}si, Albert-L{\'a}szl{\'o}},
  journal={Philosophical Transactions of the Royal Society A: Mathematical, Physical and Engineering Sciences},
  volume={371},
  number={1987},
  pages={20120375},
  year={2013},
  publisher={The Royal Society Publishing}
}


@book{Robinson-2013,
  title={Graph databases: new opportunities for connected data},
  author={Robinson, Ian and Webber, Jim and Eifrem, Emil},
  year={2013},
  publisher={{O}'Reilly Media, Inc.}
}

@book{Bechberger-2020,
  title={Graph Databases in Action},
  author={Bechberger, D. and Perryman, J.},
  isbn={9781617296376},
  series={In Action},
  url={https://books.google.com.co/books?id=kWIFEAAAQBAJ},
  year={2020},
  publisher={Manning Publications}
}

@inproceedings{Naik-2017,
  title={Tweet analytics and tweet summarization using graph mining},
  author={Naik, Apeksha P and Bojewar, Sachin},
  booktitle={2017 international conference of electronics, communication and aerospace technology (ICECA)},
  volume={1},
  pages={17--21},
  year={2017},
  organization={IEEE}
}

@inproceedings{crispdm-2000,
  title={CRISP-DM: Towards a standard process model for data mining},
  author={Wirth, R{\"u}diger and Hipp, Jochen},
  booktitle={Proceedings of the 4th international conference on the practical applications of knowledge discovery and data mining},
  volume={1},
  year={2000},
  organization={Springer-Verlag London, UK}
}
