@string{I = {Ind. Eng. Chem. Res.}}%
@string{F = {Fuel}}%
@string{EF = {Energy \& Fuels}} %
@string{CF = {Comb. \& Flame}}%
@string{EST = {Environ. Sci. Technol.}} %
@string{JAP = {J. Appl.Polym. Sci.}} %
@string{CJC = { Can. J. Chem. Eng.}} %
@string{JAA ={J. Anal. Appl. Pyrolysis.}} %
@string{JPS = {J. Polym. Sci. A}}%
@string{CST = {Combust. Sci. Tech.}} %
@string{C = {Carbon}}%
@string{Aiche = {AIChE J.}}%
@string{CES = {Chem. Eng. Sci.}}%
@string{JFM ={ J. Fluid. Mech.}}%


@article{luna2020corruption,
  title={Corruption and complexity: a scientific framework for the analysis of corruption networks},
  author={Luna-Pla, Issa and Nicol{\'a}s-Carlock, Jos{\'e} R},
  journal={Applied Network Science},
  volume={5},
  number={1},
  pages={1--18},
  year={2020},
  publisher={Springer}
}

@incollection{nicolas2021corruptomics,
  title={Corruptomics},
  author={Nicol{\'a}s-Carlock, Jos{\'e} R and Luna-Pla, Issa},
  booktitle={Corruption Networks},
  pages={153--158},
  year={2021},
  publisher={Springer}
}

@article{ades1999rents,
  title={Rents, competition, and corruption},
  author={Ades, Alberto and Di Tella, Rafael},
  journal={American economic review},
  volume={89},
  number={4},
  pages={982--993},
  year={1999}
}

@article{ariely2017corruption,
  title={Corruption, fairness, and inequality},
  author={Ariely, Gal and Uslaner, Eric M},
  journal={International Political Science Review},
  volume={38},
  number={3},
  pages={349--362},
  year={2017},
  publisher={Sage Publications Sage UK: London, England}
}

@article{anderson2003corruption,
  title={Corruption, political allegiances, and attitudes toward government in contemporary democracies},
  author={Anderson, Christopher J and Tverdova, Yuliya V},
  journal={American journal of political science},
  volume={47},
  number={1},
  pages={91--109},
  year={2003},
  publisher={Wiley Online Library}
}

@article{ashforth2003normalization,
  title={The normalization of corruption in organizations},
  author={Ashforth, Blake E and Anand, Vikas},
  journal={Research in organizational behavior},
  volume={25},
  pages={1--52},
  year={2003},
  publisher={Elsevier}
}

@article{granados2022geometry,
  title={The geometry of suspicious money laundering activities in financial networks},
  author={Granados, Oscar M and Vargas, Andr{\'e}s},
  journal={EPJ Data Science},
  volume={11},
  number={1},
  pages={6},
  year={2022},
  publisher={Springer Berlin Heidelberg}
}